@article{ref,
  title={Tweet Normalization with Syllables},
  author={Xu, Ke and Xia, Yunqing and Lee, Chin-Hui}
}